%% Journals
% In Prep
@article{hodsonXXXXsedimentary,
  title={Sedimentary processes at the grounding zone of the Whillans Ice Stream, Antarctica},
  author={Hodson, TO and Powell, RD and Scherer, RP and Tulaczyk, S and WISSARD Science Team},
  journal={},
  volume={},
  pages={},
  year={In Prep},
  publisher={}
}
@article{hodsonXXXXrunoff,
  title={Sedimentary processes at the grounding zone of the Whillans Ice Stream, Antarctica},
  author={Hodson, TO and Powell, RD},
  journal={},
  volume={},
  pages={},
  year={In Prep},
  publisher={}
}


% Submitted
@article{hodsonXXXXcoastal,
  title={Coastal collapse of the Cordilleran Ice Sheet preceding Meltwater Pulse 1a},
  author={Hodson, TO and Powell, RD},
  journal={},
  volume={},
  pages={},
  year={submitted},
  publisher={}
}

@article{hodsonXXXXincreasing,
  title={Increasing West Antarctic Ice Sheet vulnerability to ocean warming under the Ross Ice Shelf},
  author={Hodson, TO and Powell, RD and Branecky, C and Scherer, RP and Mikucki, J and others},
  journal={},
  volume={},
  pages={},
  year={submitted},
  publisher={}
}


% 2016
@article{hodson2016physical,
  title={Physical processes in Subglacial Lake Whillans, West Antarctica: Inferences from sediment cores},
  author={Hodson, TO and Powell, RD and Brachfeld, SA and Tulaczyk, S and Scherer, RP and Team, WISSARD Science},
  journal={Earth and Planetary Science Letters},
  volume={444},
  pages={56--63},
  year={2016},
  publisher={Elsevier}
}

@article{mikucki2016subglacial,
  title={Subglacial Lake Whillans microbial biogeochemistry: a synthesis of current knowledge},
  author={Mikucki, JA and Lee, PA and Ghosh, D and Purcell, AM and Mitchell, AC and Mankoff, KD and Fisher, AT and Tulaczyk, S and Carter, S and Siegfried, MR and others},
  journal={Phil. Trans. R. Soc. A},
  volume={374},
  number={2059},
  pages={20140290},
  year={2016},
  publisher={The Royal Society}
}

%2015

@article{vick2015biogeochemistry,
  title={Biogeochemistry and microbial diversity in the marine cavity beneath the McMurdo Ice Shelf, Antarctica},
  author={Vick-Majors, TJ and Achberger, A and Santib{\'a}{\~n}ez, P and Dore, JE and Hodson, TO and Michaud, AB and Christner, BC and Mikucki, J and Skidmore, ML and Powell, RD and others},
  journal={Limnology and Oceanography},
  year={2015},
  publisher={Wiley Online Library}
}
i

%% Group Publications

%2014
@article{christner2014microbial,
  title={A microbial ecosystem beneath the West Antarctic ice sheet},
  author={Christner, Brent C and Priscu, John C and Achberger, Amanda M and Barbante, Carlo and Carter, Sasha P and Christianson, Knut and Michaud, Alexander B and Mikucki, Jill A and Mitchell, Andrew C and Skidmore, Mark L and others},
  journal={Nature},
  volume={512},
  number={7514},
  pages={310--313},
  year={2014},
  publisher={Nature Publishing Group}
}

@article{tulaczyk2014wissard,
  title={WISSARD at Subglacial Lake Whillans, West Antarctica: scientific operations and initial observations},
  author={Tulaczyk, Slawek and Mikucki, Jill A and Siegfried, Matthew R and Priscu, John C and Barcheck, C Grace and Beem, Lucas H and Behar, Alberto and Burnett, Justin and Christner, Brent C and Fisher, Andrew T and others},
  journal={Annals of Glaciology},
  volume={55},
  number={65},
  pages={51--58},
  year={2014},
  publisher={International Glaciological Society}
}


%% Reports

@techreport{cochrane2015southern ,
author = {Cochrane, GR and others},
title = {Southern Salish Sea Habitat Map Series: Admiralty Inlet},
series = {Open File Report},
volume = {1073},
publisher = {U.S. Geological Survey},
year = {2015}
}

@techreport{hodson2013marine ,
author = {Hodson, TO and Cochrane, GR and Powell, RD},
title = {Marine benthic habitat mapping of the West Arm, Glacier Bay National Park and Preserve, Alaska},
series = {Scientific Investigations Map},
volume = {3253},
publisher = {U.S. Geological Survey},
year = {2015}
}

@techreport{curry2009surficial,
author = {Curry, BB and Hodson, TO},
title = {Surficial geology of Aurora South Quadrangle, DuPage, Kane, Kendall, and Will Counties, Illinois},
publisher = {Illinois State Geological Survey},
year = {2009}
}


%% Theses
@mastersthesis{hodson2012 ,
author = {Hodson, TO},
title = {Glacier Bay},
publisher = {Northern Illinois University},
address = {DeKalb, IL},
year = {2012}
}

%% Posters and Presentations
%@inproceedings An article in a conference proceedings. Required fields:
%author, title, booktitle, year. Optional fields: editor, volume or
%number, series, pages, address, month, organization, publisher, note.
 
@conference{hodson2015agu,
    author = { Hodson, TO and Powell, RD and others},
    title  = { Environment at the grounding zone of the Whillans Ice Stream-Ross Ice Shelf, West Antarctica.},
    booktitle = {AGU Fall Meeting},
    organization = {American Geophysical Union},
    year   = {2015},
}

@conference{hodson2015igs,
    author = { Powell, RD and Hodson, TO},
    title  = { Grounding zone sediment accumulation and tidewater and ice shelf stability.} 
    booktitle = {International symposium on glaciers and ice sheets in a warming world},
    organization = {Internationnal Glaciological Society},
    year   = {2015},
}

@conference{hodson2013agu,
    author = { Hodson, TO and Powell, RD},
    title  = { Physical and chemical characteristics of the Subglacial Lake Whillans sediment cores, Whillans Ice Stream, West Antarctica } 
    booktitle = {AGU Fall Meeting},
    organization = {American Geophysical Union},
    year         = {2013},
}

@conference{hodson2013igs,

}

%\bibitem{}Powell, R.D. and \textbf{Hodson, T.O.} Refining the retreat history of the Cordilleran Ice Sheet from marine records. Geophysical Research Abstracts, Vol. 15, EGU General Assembly, 2013.
%\bibitem{}Cochrane, G.R., \textbf{Hodson, T.O.}, et al. Use of the Coastal and Marine Ecological Classification Standard (CMECS) for Geological Studies in Glacier Bay, Alaska.
%\textsl{American Geophysical Union}, Fall Meeting, 2012.
%\bibitem{}\textbf{Hodson, T.O.} and Powell, R.D. A deglacial chronology of the Glacier Bay Ice Stream, Southeast Alaska.
%\textsl{International Glaciological Society}, International symposium on glaciers and ice sheets in a warming climate, 2012.
%\bibitem{}Powell, R.D. and \textbf{Hodson, T.O.} Rapid Retreat of the Glacier Bay Ice Stream from the Last Glacial Maximum of the Cordilleran Ice Sheet, SE Alaska. Geophysical Research Abstracts, Vol. 13, EGU General Assembly, 2011.
%\
